@book {alexander-kapovitch-petrunin2019,
    AUTHOR = {Alexander, Stephanie and Kapovitch, Vitali and Petrunin,
              Anton},
     TITLE = {An invitation to {A}lexandrov geometry: CAT(0) spaces},
    SERIES = {SpringerBriefs in Mathematics},
 PUBLISHER = {Springer, Cham},
      YEAR = {2019},
     PAGES = {xii+88},
      ISBN = {978-3-030-05311-6; 978-3-030-05312-3},
   MRCLASS = {53C23 (51F99 53C20 53C45 53C70)},
  MRNUMBER = {3930625},
MRREVIEWER = {Loreno\ Heer},
       DOI = {10.1007/978-3-030-05312-3},
       URL = {https://doi.org/10.1007/978-3-030-05312-3},
}

@book {alexander-kapovitch-petrunin2024,
    AUTHOR = {Alexander, Stephanie and Kapovitch, Vitali and Petrunin, Anton},
     TITLE = {Alexandrov geometry---foundations},
    SERIES = {Graduate Studies in Mathematics},
    VOLUME = {236},
 PUBLISHER = {American Mathematical Society, Providence, RI},
      YEAR = {2024},
     PAGES = {xvii+282},
      ISBN = {[9781470473020]; [9781470475369]; [9781470475352]},
   MRCLASS = {53C23 (30Lxx 53-02 53C45)},
  MRNUMBER = {4734965},
}

@article {botero-gil-sombra,
    AUTHOR = {Botero, Ana Mar\'ia and Gil, Jos\'e{} Ignacio Burgos and Sombra, Mart\'in},
     TITLE = {Convex analysis on polyhedral spaces},
   JOURNAL = {Math. Z.},
  FJOURNAL = {Mathematische Zeitschrift},
    VOLUME = {301},
      YEAR = {2022},
    NUMBER = {2},
     PAGES = {1631--1674},
      ISSN = {0025-5874,1432-1823},
   MRCLASS = {26B25 (14T20 52B70)},
  MRNUMBER = {4418333},
MRREVIEWER = {Youjiang\ Lin},
       DOI = {10.1007/s00209-021-02869-6},
       URL = {https://doi.org/10.1007/s00209-021-02869-6},
}

@book {bridson-haefliger,
    AUTHOR = {Bridson, Martin R. and Haefliger, Andr\'e},
     TITLE = {Metric spaces of non-positive curvature},
    SERIES = {Grundlehren der mathematischen Wissenschaften [Fundamental
              Principles of Mathematical Sciences]},
    VOLUME = {319},
 PUBLISHER = {Springer-Verlag, Berlin},
      YEAR = {1999},
     PAGES = {xxii+643},
      ISBN = {3-540-64324-9},
   MRCLASS = {53C23 (20F65 53C70 57M07)},
  MRNUMBER = {1744486},
MRREVIEWER = {Athanase\ Papadopoulos},
       DOI = {10.1007/978-3-662-12494-9},
       URL = {https://doi.org/10.1007/978-3-662-12494-9},
}

@book {burago-burago-ivanov,
    AUTHOR = {Burago, Dmitri and Burago, Yuri and Ivanov, Sergei},
     TITLE = {A course in metric geometry},
    SERIES = {Graduate Studies in Mathematics},
    VOLUME = {33},
 PUBLISHER = {American Mathematical Society, Providence, RI},
      YEAR = {2001},
     PAGES = {xiv+415},
      ISBN = {0-8218-2129-6},
   MRCLASS = {53C23},
  MRNUMBER = {1835418},
MRREVIEWER = {Mario\ Bonk},
       DOI = {10.1090/gsm/033},
       URL = {https://doi.org/10.1090/gsm/033},
}

@article {lebedeva-petrunin,
    AUTHOR = {Lebedeva, Nina and Petrunin, Anton},
     TITLE = {Local characterization of polyhedral spaces},
   JOURNAL = {Geom. Dedicata},
  FJOURNAL = {Geometriae Dedicata},
    VOLUME = {179},
      YEAR = {2015},
     PAGES = {161--168},
      ISSN = {0046-5755,1572-9168},
   MRCLASS = {53C23},
  MRNUMBER = {3424662},
MRREVIEWER = {Vladimir\ S.\ Matveev},
       DOI = {10.1007/s10711-015-0072-x},
       URL = {https://doi.org/10.1007/s10711-015-0072-x},
}

@article {milka1968,
    AUTHOR = {Milka, A. D.},
     TITLE = {Multidimensional spaces with polyhedral metric of nonnegative
              curvature. {I}},
   JOURNAL = {Ukrain. Geometr. Sb.},
  FJOURNAL = {Ukrainski\u i\ Geometricheski\u i\ Sbornik},
      YEAR = {1968},
    NUMBER = {5-6},
     PAGES = {103--114},
   MRCLASS = {53.95},
  MRNUMBER = {286057},
MRREVIEWER = {A.\ V.\ Pogorelov},
}

@article {milka1969,
    AUTHOR = {Milka, A. D.},
     TITLE = {Multidimensional spaces with polyhedral metric of nonnegative
              curvature. {II}},
   JOURNAL = {Ukrain. Geometr. Sb.},
  FJOURNAL = {Ukrainski\u i\ Geometricheski\u i\ Sbornik},
      YEAR = {1969},
    NUMBER = {7},
     PAGES = {68--77, 185},
   MRCLASS = {53C70},
  MRNUMBER = {326634},
MRREVIEWER = {A.\ V.\ Pogorelov},
}

@article {minemyer2015,
    AUTHOR = {Minemyer, Barry},
     TITLE = {Isometric embeddings of polyhedra into {E}uclidean space},
   JOURNAL = {J. Topol. Anal.},
  FJOURNAL = {Journal of Topology and Analysis},
    VOLUME = {7},
      YEAR = {2015},
    NUMBER = {4},
     PAGES = {677--692},
      ISSN = {1793-5253,1793-7167},
   MRCLASS = {57Q35 (52B11)},
  MRNUMBER = {3400126},
MRREVIEWER = {Egon\ Schulte},
       DOI = {10.1142/S179352531550020X},
       URL = {https://doi.org/10.1142/S179352531550020X},
}

@article {panov2009,
    AUTHOR = {Panov, Dmitri},
     TITLE = {Polyhedral {K}\"ahler manifolds},
   JOURNAL = {Geom. Topol.},
  FJOURNAL = {Geometry \& Topology},
    VOLUME = {13},
      YEAR = {2009},
    NUMBER = {4},
     PAGES = {2205--2252},
      ISSN = {1465-3060,1364-0380},
   MRCLASS = {53C56 (32Q15 53C55)},
  MRNUMBER = {2507118},
MRREVIEWER = {Igor\ Belegradek},
       DOI = {10.2140/gt.2009.13.2205},
       URL = {https://doi.org/10.2140/gt.2009.13.2205},
}
